<record><leader>00000cas a22000007a 4500</leader><controlfield tag="001">17941261</controlfield><controlfield tag="008">880512d18991903ohuwr ne      0    0eng d</controlfield><datafield ind1=" " ind2=" " tag="010"><subfield code="a">sn 88077480 </subfield></datafield><datafield ind1=" " ind2=" " tag="040"><subfield code="a">ONP</subfield><subfield code="b">eng</subfield><subfield code="c">ONP</subfield><subfield code="d">OCL</subfield><subfield code="d">ONP</subfield><subfield code="d">OCLCQ</subfield></datafield><datafield ind1=" " ind2=" " tag="019"><subfield code="a">17941265</subfield></datafield><datafield ind1=" " ind2=" " tag="042"><subfield code="a">msc</subfield></datafield><datafield ind1="0" ind2=" " tag="130"><subfield code="a">Warren County record (Lebanon, Warren County, Ohio)</subfield></datafield><datafield ind1="1" ind2="0" tag="245"><subfield code="a">Warren County record.</subfield></datafield><datafield ind1="3" ind2="0" tag="246"><subfield code="a">Warren County record and the Republican</subfield></datafield><datafield ind1=" " ind2=" " tag="260"><subfield code="a">Lebanon, Ohio :</subfield><subfield code="b">Record Co.,</subfield><subfield code="c">-1903.</subfield></datafield><datafield ind1=" " ind2=" " tag="310"><subfield code="a">Weekly</subfield></datafield><datafield ind1="1" ind2=" " tag="362"><subfield code="a">Began with Sept. 4, 1899 issue?</subfield></datafield><datafield ind1="0" ind2=" " tag="362"><subfield code="a">-v. 5, no. 2 (Aug. 15, 1903).</subfield></datafield><datafield ind1=" " ind2=" " tag="500"><subfield code="a">Published as: Warren County record and the Republican, July 26, 1902-Nov. 22, 1902.</subfield></datafield><datafield ind1=" " ind2=" " tag="588"><subfield code="a">Description based on: Vol. 1, no. 15 (Nov. 11, 1899).</subfield></datafield><datafield ind1=" " ind2=" " tag="752"><subfield code="a">United States</subfield><subfield code="b">Ohio</subfield><subfield code="c">Warren</subfield><subfield code="d">Lebanon.</subfield></datafield><datafield ind1="0" ind2="5" tag="780"><subfield code="t">Republican (Lebanon, Warren County, Ohio)</subfield></datafield><datafield ind1="0" ind2="0" tag="785"><subfield code="t">Republican-record (Lebanon, Warren County, Ohio)</subfield><subfield code="w">(DLC)sn 88077482</subfield></datafield><datafield ind1="1" ind2=" " tag="029"><subfield code="a">AU@</subfield><subfield code="b">000025785195</subfield></datafield></record>